%book
@book{BZ24,
	author = {Leonidas Caetano and Kau√£ Pasqualli},
	title = {Blast Zone},
	date = {2024},
	publisher = {IFPR},
	location = {Pinhais},
	url = {https://drive.google.com/drive/folders/1Ct6Ccv1fiFXK5N-yyhT6Xay2W43KsVCJ},
	urldate = {2025-09-18}
}



