@book{teste,
  author = {Silva, Jo√£o},
  title = {Livro de Exemplo},
  year = {2023},
  publisher = {Editora ABC}
}
