%article
@article{TSTart,
	author = {Some},
	title = {Tit},
	journaltitle = {Nature},
	date = {2025},
	location = {Pinhais}
}



