%book
@book{TSTbook,
	author = {Aut},
	title = {Tit},
	date = {2025},
	publisher = {Pinhias},
	location = {Si}
}



