%book
@book{BZ24,
	author = {BlastZone},
	title = {Gamer World},
	date = {2024},
	publisher = {IFPR},
	location = {Pinhais}
}


@book{VV24,
	author = {VoltVision},
	title = {Redes el√©tricas},
	date = {2024},
	publisher = {IFPR},
	location = {Pinhais}
}



